<?xml version="1.0" encoding="UTF-8"?><collection xmlns="http://www.loc.gov/MARC21/slim"><record><leader>00404nam--2200133-i-4500</leader><controlfield tag="001">000017010</controlfield><controlfield tag="002">20161230</controlfield><controlfield tag="005">20161230201032</controlfield><controlfield tag="008">060222s1000------------r-----000-0-eng-d</controlfield><datafield ind1=" " ind2=" " tag="100"><subfield code="a">Cleary, James P.And Levenbach, Hans</subfield></datafield><datafield ind1=" " ind2=" " tag="245"><subfield code="a">The beginning forecaster: the forecasting proc ess through data analysis</subfield></datafield><datafield ind1=" " ind2=" " tag="260"><subfield code="a">Belmont, Lifetime Learning Publications, 1981</subfield></datafield><datafield ind1=" " ind2=" " tag="490"><subfield code="a">Xi + 372 P</subfield></datafield><datafield ind1=" " ind2=" " tag="852"><subfield code="a">681.3.06</subfield></datafield></record></collection>